@article{Amirjanov2016,
    title = {Modeling the Dynamics of a Changing Range Genetic Algorithm},
    journal = {Procedia Computer Science},
    volume = {102},
    pages = {570 - 577},
    year = {2016},
    doi = {https://doi.org/10.1016/j.procs.2016.09.444},
    author = {Amirjanov, Adil},
}

@article{Amirjanov2017,
    title = {Linear adjustment of a search space in genetic algorithm},
    journal = {Procedia Computer Science},
    volume = {120},
    pages = {953 - 960},
    year = {2017},
    doi = {https://doi.org/10.1016/j.procs.2017.11.331},
    author = {Amirjanov, Adil and Sadikoglu, Fahreddin},
}

@article{Jebari2013,
    author = {Jebari, Khalid},
    year = {2013},
    month = {12},
    pages = {333-344},
    title = {Selection Methods for Genetic Algorithms},
    volume = {3},
    journal = {International Journal of Emerging Sciences}
}

@article{Tatsuya2002,
    author = {Motoki, Tatsuya},
    title = {Calculating the Expected Loss of Diversity of Selection Schemes},
    journal = {Evolutionary Computation},
    volume = {10},
    number = {4},
    pages = {397-422},
    year = {2002},
    doi = {10.1162/106365602760972776},
}

@misc{edo-project,
    author = {The {EDO} library developers},
    title = {EDO: v0.1},
    year = 2018,
    doi = {10.5281/zenodo.2557597},
    url = {http://dx.doi.org/10.5281/zenodo.2557597}
}

@misc{numpy,
    author = {Oliphant, Travis},
    title = {{NumPy}: A guide to {NumPy}},
    year = {2006--},
    howpublished = {USA: Trelgol Publishing},
    url = {http://www.numpy.org/},
    note = {[Online; accessed 2019-03-01]}
}

@misc{pandas,
    author = {McKinney, Wes},
    title = {Data Structures for Statistical Computing in Python},
    year = {2010--},
    howpublished = {Proceedings of the 9th Python in Science Conference},
    pages = {51-56},
    url = {https://pandas.pydata.org/},
    note = {[Online; accessed 2019-03-01]}
}
